@PREAMBLE{
 "\providecommand{\noopsort}[1]{}"
 # "\providecommand{\singleletter}[1]{#1}%"
}

@article{Teper:2009uf,
          author         = "Teper, Michael",
          title          = "{Large N and confining flux tubes as strings - a view
                            from the lattice}",
          journal        = "Acta Phys.Polon.",
          volume         = "B40",
          pages          = "3249-3320",
          year           = "2009",
          eprint         = "0912.3339",
          archivePrefix  = "arXiv",
          primaryClass   = "hep-lat",
          SLACcitation   = "%%CITATION = ARXIV:0912.3339;%%",
}

@article{Dubovsky:2012sh,
          author         = "Dubovsky, Sergei and Flauger, Raphael and Gorbenko,
                                  Victor",
          title          = "{Effective String Theory Revisited}",
          journal        = "JHEP",
          volume         = "1209",
          pages          = "044",
          doi            = "10.1007/JHEP09(2012)044",
          year           = "2012",
          eprint         = "1203.1054",
          archivePrefix  = "arXiv",
          primaryClass   = "hep-th",
          SLACcitation   = "%%CITATION = ARXIV:1203.1054;%%",
}

@article{Aharony:2013ipa,
          author         = "Aharony, Ofer and Komargodski, Zohar",
          title          = "{The Effective Theory of Long Strings}",
          year           = "2013",
          eprint         = "1302.6257",
          archivePrefix  = "arXiv",
          primaryClass   = "hep-th",
          reportNumber   = "WIS-01-13-FEB-DPPA",
          SLACcitation   = "%%CITATION = ARXIV:1302.6257;%%",
}



@article{Gliozzi:2012cx,
          author         = "Gliozzi, Ferdinando and Meineri, Marco",
          title          = "{Lorentz completion of effective string (and p-brane)
                                            action}",
          journal        = "JHEP",
          volume         = "1208",
          pages          = "056",
          doi            = "10.1007/JHEP08(2012)056",
          year           = "2012",
          eprint         = "1207.2912",
          archivePrefix  = "arXiv",
          primaryClass   = "hep-th",
          SLACcitation   = "%%CITATION = ARXIV:1207.2912;%%",
}


@article{Meineri:2013ew,
          author         = "Meineri, Marco",
          title          = "{Lorentz completion of effective string action}",
          year           = "2013",
          eprint         = "1301.3437",
          archivePrefix  = "arXiv",
          primaryClass   = "hep-th",
          SLACcitation   = "%%CITATION = ARXIV:1301.3437;%%",
}

@article{Dubovsky:2004sg,
          author         = "Dubovsky, S.L.",
          title          = "{Phases of massive gravity}",
          journal        = "JHEP",
          volume         = "0410",
          pages          = "076",
          doi            = "10.1088/1126-6708/2004/10/076",
          year           = "2004",
          eprint         = "hep-th/0409124",
          archivePrefix  = "arXiv",
          primaryClass   = "hep-th",
          SLACcitation   = "%%CITATION = HEP-TH/0409124;%%",
}

@article{deRham:2010eu,
          author         = "de Rham, Claudia and Tolley, Andrew J.",
          title          = "{DBI and the Galileon reunited}",
          journal        = "JCAP",
          volume         = "1005",
          pages          = "015",
          doi            = "10.1088/1475-7516/2010/05/015",
          year           = "2010",
          eprint         = "1003.5917",
          archivePrefix  = "arXiv",
          primaryClass   = "hep-th",
          SLACcitation   = "%%CITATION = ARXIV:1003.5917;%%",
}

@article{Aharony:2011gb,
          author         = "Aharony, Ofer and Dodelson, Matthew",
          title          = "{Effective String Theory and Nonlinear Lorentz
                           Invariance}",
          journal        = "JHEP",
          volume         = "1202",
          pages          = "008",
          doi            = "10.1007/JHEP02(2012)008",
          year           = "2012",
          eprint         = "1111.5758",
          archivePrefix  = "arXiv",
          primaryClass   = "hep-th",
          reportNumber   = "WIS-9-11-NOV-DPPA",
          SLACcitation   = "%%CITATION = ARXIV:1111.5758;%%",
}
